@book{sutton2018reinforcement,
  title={Reinforcement Learning: An Introduction},
  author={Sutton, Richard S. and Barto, Andrew G.},
  year={2018},
  edition={2nd},
  publisher={MIT Press},
  address={Cambridge, MA},
  isbn={978-0262039246}
}