@article{Rabiner1989,
  author={Rabiner, L.R.},
  journal={Proceedings of the IEEE}, 
  title={A tutorial on hidden Markov models and selected applications in speech recognition}, 
  year={1989},
  volume={77},
  number={2},
  pages={257-286},
  keywords={Tutorial;Hidden Markov models;Speech recognition},
  doi={10.1109/5.18626}}
